<?xml version="1.0" encoding="UTF-8"?><collection xmlns="http://www.loc.gov/MARC21/slim"><record><leader>00372nam--2200121-i-4500</leader><controlfield tag="001">000008404</controlfield><controlfield tag="002">20161230</controlfield><controlfield tag="005">20161230201027</controlfield><controlfield tag="008">060222s1000------------r-----000-0-eng-d</controlfield><datafield ind1=" " ind2=" " tag="245"><subfield code="a">International nuclear physics conference held at gatlinburg, tennessee, sept.12-17, 1966</subfield></datafield><datafield ind1=" " ind2=" " tag="260"><subfield code="a">New York, Academic Press, 1967 Xxxvi + 1121 P</subfield></datafield><datafield ind1=" " ind2=" " tag="700"><subfield code="a">Becker, Richard L</subfield></datafield><datafield ind1=" " ind2=" " tag="852"><subfield code="a">26033</subfield></datafield></record></collection>